<!DOCTYPE html>
<meta charset="utf-8" />
<!-- version 1 -->
<title>[Gen 8] CAP replay: Roland le Preaux vs. Enemmy</title>
<style>
html,body {font-family:Verdana, sans-serif;font-size:10pt;margin:0;padding:0;}body{padding:12px 0;} .battle-log {font-family:Verdana, sans-serif;font-size:10pt;} .battle-log-inline {border:1px solid #AAAAAA;background:#EEF2F5;color:black;max-width:640px;margin:0 auto 80px;padding-bottom:5px;} .battle-log .inner {padding:4px 8px 0px 8px;} .battle-log .inner-preempt {padding:0 8px 4px 8px;} .battle-log .inner-after {margin-top:0.5em;} .battle-log h2 {margin:0.5em -8px;padding:4px 8px;border:1px solid #AAAAAA;background:#E0E7EA;border-left:0;border-right:0;font-family:Verdana, sans-serif;font-size:13pt;} .battle-log .chat {vertical-align:middle;padding:3px 0 3px 0;font-size:8pt;} .battle-log .chat strong {color:#40576A;} .battle-log .chat em {padding:1px 4px 1px 3px;color:#000000;font-style:normal;} .chat.mine {background:rgba(0,0,0,0.05);margin-left:-8px;margin-right:-8px;padding-left:8px;padding-right:8px;} .spoiler {color:#BBBBBB;background:#BBBBBB;padding:0px 3px;} .spoiler:hover, .spoiler:active, .spoiler-shown {color:#000000;background:#E2E2E2;padding:0px 3px;} .spoiler a {color:#BBBBBB;} .spoiler:hover a, .spoiler:active a, .spoiler-shown a {color:#2288CC;} .chat code, .chat .spoiler:hover code, .chat .spoiler:active code, .chat .spoiler-shown code {border:1px solid #C0C0C0;background:#EEEEEE;color:black;padding:0 2px;} .chat .spoiler code {border:1px solid #CCCCCC;background:#CCCCCC;color:#CCCCCC;} .battle-log .rated {padding:3px 4px;} .battle-log .rated strong {color:white;background:#89A;padding:1px 4px;border-radius:4px;} .spacer {margin-top:0.5em;} .message-announce {background:#6688AA;color:white;padding:1px 4px 2px;} .message-announce a, .broadcast-green a, .broadcast-blue a, .broadcast-red a {color:#DDEEFF;} .broadcast-green {background-color:#559955;color:white;padding:2px 4px;} .broadcast-blue {background-color:#6688AA;color:white;padding:2px 4px;} .infobox {border:1px solid #6688AA;padding:2px 4px;} .infobox-limited {max-height:200px;overflow:auto;overflow-x:hidden;} .broadcast-red {background-color:#AA5544;color:white;padding:2px 4px;} .message-learn-canlearn {font-weight:bold;color:#228822;text-decoration:underline;} .message-learn-cannotlearn {font-weight:bold;color:#CC2222;text-decoration:underline;} .message-effect-weak {font-weight:bold;color:#CC2222;} .message-effect-resist {font-weight:bold;color:#6688AA;} .message-effect-immune {font-weight:bold;color:#666666;} .message-learn-list {margin-top:0;margin-bottom:0;} .message-throttle-notice, .message-error {color:#992222;} .message-overflow, .chat small.message-overflow {font-size:0pt;} .message-overflow::before {font-size:9pt;content:'...';} .subtle {color:#3A4A66;}
</style>
<div class="wrapper replay-wrapper" style="max-width:1180px;margin:0 auto">
<input type="hidden" name="replayid" value="unregisteredserver-gen8cap-203" />
<div class="battle"></div><div class="battle-log"></div><div class="replay-controls"></div><div class="replay-controls-2"></div>
<h1 style="font-weight:normal;text-align:center"><strong>[Gen 8] CAP</strong><br /><a href="http://pokemonshowdown.com/users/rolandlepreaux" class="subtle" target="_blank">Roland le Preaux</a> vs. <a href="http://pokemonshowdown.com/users/enemmy" class="subtle" target="_blank">Enemmy</a></h1>
<script type="text/plain" class="battle-log-data">|j|☆Roland le Preaux


|j|☆Enemmy


|player|p1|Roland le Preaux|pokemonbreeder-gen4|


|player|p2|Enemmy|169|
|teamsize|p1|6
|teamsize|p2|6
|gametype|singles
|gen|8
|tier|[Gen 8] CAP
|clearpoke
|poke|p1|cap27, M|
|poke|p1|Aegislash, M|
|poke|p1|Clefable, M|
|poke|p1|Seismitoad, F|
|poke|p1|Zeraora|
|poke|p1|Hydreigon, F|
|poke|p2|cap27, F|
|poke|p2|Grimmsnarl, M|
|poke|p2|Arghonaut, F|
|poke|p2|Clefable, M|
|poke|p2|Seismitoad, F|
|poke|p2|Zeraora|
|rule|Sleep Clause Mod: Limit one foe put to sleep
|rule|Species Clause: Limit one of each Pokémon
|rule|OHKO Clause: OHKO moves are banned
|rule|Evasion Moves Clause: Evasion moves are banned
|rule|Endless Battle Clause: Forcing endless battles is banned
|rule|HP Percentage Mod: HP is shown in percentages
|rule|Dynamax Clause: You cannot dynamax
|teampreview


|j| Aetherl


|c|☆Enemmy|Oh


|j| mxmts


|
|start
|switch|p1a: Seismitoad|Seismitoad, F|413\/413
|switch|p2a: cap27|cap27, F|100\/100
|turn|1


|
|switch|p2a: Clefable|Clefable, M|100\/100
|move|p1a: Seismitoad|Toxic|p2a: Clefable
|-status|p2a: Clefable|tox
|
|upkeep
|turn|2


|
|move|p1a: Seismitoad|Stealth Rock|p2a: Clefable
|-sidestart|p2: Enemmy|move: Stealth Rock
|move|p2a: Clefable|Wish|p2a: Clefable
|
|upkeep
|turn|3


|
|switch|p1a: Aegislash|Aegislash, M|261\/261
|move|p2a: Clefable|Moonblast|p1a: Aegislash
|-resisted|p1a: Aegislash
|-damage|p1a: Aegislash|219\/261
|
|upkeep
|turn|4


|
|switch|p2a: Seismitoad|Seismitoad, F|100\/100
|-damage|p2a: Seismitoad|94\/100|[from] Stealth Rock
|-formechange|p1a: Aegislash|Aegislash-Blade||[from] ability: Stance Change
|move|p1a: Aegislash|Shadow Claw|p2a: Seismitoad
|-damage|p2a: Seismitoad|43\/100
|
|-heal|p2a: Seismitoad|50\/100|[from] item: Leftovers
|upkeep
|turn|5


|
|move|p1a: Aegislash|Shadow Claw|p2a: Seismitoad
|-damage|p2a: Seismitoad|0 fnt
|faint|p2a: Seismitoad
|
|upkeep


|
|switch|p2a: cap27|cap27, F|100\/100
|turn|6


|
|switch|p1a: Seismitoad|Seismitoad, F|413\/413
|move|p2a: cap27|Fire Lash|p1a: Seismitoad
|-resisted|p1a: Seismitoad
|-damage|p1a: Seismitoad|355\/413
|-unboost|p1a: Seismitoad|def|1
|
|-heal|p1a: Seismitoad|380\/413|[from] item: Leftovers
|upkeep
|turn|7


|j| oyoyoyoyoyoyoy


|
|switch|p2a: Clefable|Clefable, M|100\/100 tox
|move|p1a: Seismitoad|Earth Power|p2a: Clefable
|-damage|p2a: Clefable|84\/100 tox
|
|-heal|p1a: Seismitoad|405\/413|[from] item: Leftovers
|-heal|p2a: Clefable|90\/100 tox|[from] item: Leftovers
|upkeep
|turn|8


|
|switch|p1a: Aegislash|Aegislash, M|219\/261
|move|p2a: Clefable|Teleport|p2a: Clefable


|
|switch|p2a: Grimmsnarl|Grimmsnarl, M|100\/100|[from]move: Teleport
|-damage|p2a: Grimmsnarl|88\/100|[from] Stealth Rock
|
|-heal|p2a: Grimmsnarl|94\/100|[from] item: Leftovers
|upkeep
|turn|9


|
|move|p2a: Grimmsnarl|Sucker Punch|p1a: Aegislash
|-supereffective|p1a: Aegislash
|-damage|p1a: Aegislash|31\/261
|-formechange|p1a: Aegislash|Aegislash-Blade||[from] ability: Stance Change
|move|p1a: Aegislash|Iron Head|p2a: Grimmsnarl
|-supereffective|p2a: Grimmsnarl
|-damage|p2a: Grimmsnarl|0 fnt
|faint|p2a: Grimmsnarl
|
|upkeep


|c|☆Enemmy|I messed up my calcs :\/


|j| Ripper Rooski


|
|switch|p2a: cap27|cap27, F|100\/100
|turn|10


|
|switch|p1a: Seismitoad|Seismitoad, F|405\/413
|move|p2a: cap27|Fire Lash|p1a: Seismitoad
|-resisted|p1a: Seismitoad
|-damage|p1a: Seismitoad|351\/413
|-unboost|p1a: Seismitoad|def|1
|
|-heal|p1a: Seismitoad|376\/413|[from] item: Leftovers
|upkeep
|turn|11


|l| oyoyoyoyoyoyoy


|
|move|p2a: cap27|Fire Lash|p1a: Seismitoad
|-resisted|p1a: Seismitoad
|-damage|p1a: Seismitoad|296\/413
|-unboost|p1a: Seismitoad|def|1
|move|p1a: Seismitoad|Earth Power|p2a: cap27
|-supereffective|p2a: cap27
|-damage|p2a: cap27|28\/100
|
|-heal|p1a: Seismitoad|321\/413|[from] item: Leftovers
|upkeep
|turn|12


|j| WaluigiWontGetIn


|
|switch|p2a: Arghonaut|Arghonaut, F|100\/100
|-damage|p2a: Arghonaut|94\/100|[from] Stealth Rock
|move|p1a: Seismitoad|Earth Power|p2a: Arghonaut
|-damage|p2a: Arghonaut|77\/100
|
|-heal|p2a: Arghonaut|83\/100|[from] item: Leftovers
|-heal|p1a: Seismitoad|346\/413|[from] item: Leftovers
|upkeep
|turn|13


|
|move|p1a: Seismitoad|Toxic|p2a: Arghonaut
|-status|p2a: Arghonaut|tox
|move|p2a: Arghonaut|Circle Throw|p1a: Seismitoad
|-damage|p1a: Seismitoad|276\/413
|drag|p1a: Hydreigon|Hydreigon, F|325\/325
|
|-heal|p2a: Arghonaut|89\/100 tox|[from] item: Leftovers
|-damage|p2a: Arghonaut|83\/100 tox|[from] psn
|upkeep
|turn|14


|
|move|p1a: Hydreigon|Draco Meteor|p2a: Arghonaut
|-damage|p2a: Arghonaut|41\/100 tox
|-unboost|p1a: Hydreigon|spa|2
|move|p2a: Arghonaut|Spikes|p1a: Hydreigon
|-sidestart|p1: Roland le Preaux|Spikes
|
|-heal|p2a: Arghonaut|47\/100 tox|[from] item: Leftovers
|-damage|p2a: Arghonaut|35\/100 tox|[from] psn
|upkeep
|turn|15


|
|switch|p2a: Clefable|Clefable, M|90\/100 tox
|move|p1a: Hydreigon|Draco Meteor|p2a: Clefable
|-immune|p2a: Clefable
|
|-heal|p2a: Clefable|96\/100 tox|[from] item: Leftovers
|upkeep
|turn|16


|j| pipmillion


|
|switch|p1a: Clefable|Clefable, M|394\/394
|move|p2a: Clefable|Wish|p2a: Clefable
|
|-heal|p2a: Clefable|100\/100 tox|[from] item: Leftovers
|upkeep
|turn|17


|
|move|p1a: Clefable|Teleport|p1a: Clefable


|c| WaluigiWontGetIn|Is it just me or is Clefable bouncing faster on Roland's end than Enemmy's end


|
|switch|p1a: cap27|cap27, M|357\/357
|move|p2a: Clefable|Teleport|p2a: Clefable


|
|switch|p2a: cap27|cap27, F|62\/100|[from]move: Teleport
|
|-heal|p2a: cap27|100\/100|[from] move: Wish|[wisher] Clefable
|upkeep
|turn|18


|
|move|p1a: cap27|Draco Meteor|p2a: cap27
|-supereffective|p2a: cap27
|-damage|p2a: cap27|0 fnt
|-unboost|p1a: cap27|spa|2
|faint|p2a: cap27
|
|upkeep


|c|☆Roland le Preaux|figured you got Claw


|c|☆Enemmy|It might be the rolls waluigi


|c|☆Enemmy|Ye


|
|switch|p2a: Arghonaut|Arghonaut, F|35\/100 tox
|-damage|p2a: Arghonaut|29\/100 tox|[from] Stealth Rock
|turn|19


|
|switch|p2a: Clefable|Clefable, M|100\/100 tox
|move|p1a: cap27|Draco Meteor|p2a: Clefable
|-immune|p2a: Clefable
|
|upkeep
|turn|20


|l| WaluigiWontGetIn


|
|move|p1a: cap27|Spikes|p2a: Clefable
|-sidestart|p2: Enemmy|Spikes
|move|p2a: Clefable|Wish|p2a: Clefable
|
|upkeep
|turn|21


|
|move|p1a: cap27|Spikes|p2a: Clefable
|-sidestart|p2: Enemmy|Spikes
|move|p2a: Clefable|Moonblast|p1a: cap27
|-damage|p1a: cap27|212\/357
|
|upkeep
|turn|22


|
|move|p1a: cap27|Spikes|p2a: Clefable
|-sidestart|p2: Enemmy|Spikes
|move|p2a: Clefable|Wish|p2a: Clefable
|
|upkeep
|turn|23


|
|switch|p1a: Aegislash|Aegislash, M|31\/261
|-damage|p1a: Aegislash|0 fnt|[from] Spikes
|faint|p1a: Aegislash
|move|p2a: Clefable|Teleport|p2a: Clefable


|
|switch|p2a: Arghonaut|Arghonaut, F|29\/100 tox|[from]move: Teleport
|-damage|p2a: Arghonaut|4\/100 tox|[from] Spikes
|-damage|p2a: Arghonaut|0 fnt|[from] Stealth Rock
|faint|p2a: Arghonaut
|
|upkeep


|c|☆Roland le Preaux|Spikes feels oppressive as hell on this mon


|c|☆Roland le Preaux|what is everybody talking about?


|
|switch|p1a: Hydreigon|Hydreigon, F|325\/325
|switch|p2a: Zeraora|Zeraora|100\/100
|-damage|p2a: Zeraora|76\/100|[from] Spikes
|-damage|p2a: Zeraora|63\/100|[from] Stealth Rock
|turn|24


|
|switch|p2a: Clefable|Clefable, M|100\/100 tox
|move|p1a: Hydreigon|U-turn|p2a: Clefable
|-resisted|p2a: Clefable
|-damage|p2a: Clefable|92\/100 tox


|
|switch|p1a: cap27|cap27, M|331\/357
|
|-heal|p2a: Clefable|98\/100 tox|[from] item: Leftovers
|upkeep
|turn|25


|
|switch|p1a: Seismitoad|Seismitoad, F|276\/413
|-damage|p1a: Seismitoad|225\/413|[from] Spikes
|move|p2a: Clefable|Moonblast|p1a: Seismitoad
|-damage|p1a: Seismitoad|101\/413
|-unboost|p1a: Seismitoad|spa|1
|
|-heal|p1a: Seismitoad|126\/413|[from] item: Leftovers
|-heal|p2a: Clefable|100\/100 tox|[from] item: Leftovers
|upkeep
|turn|26


|
|move|p1a: Seismitoad|Earth Power|p2a: Clefable
|-damage|p2a: Clefable|89\/100 tox
|move|p2a: Clefable|Moonblast|p1a: Seismitoad
|-crit|p1a: Seismitoad
|-damage|p1a: Seismitoad|0 fnt
|faint|p1a: Seismitoad
|
|-heal|p2a: Clefable|95\/100 tox|[from] item: Leftovers
|upkeep


|c| Ripper Rooski|Oppressive is a bit of an exaggeration 


|
|switch|p1a: Zeraora|Zeraora|317\/317
|-damage|p1a: Zeraora|278\/317|[from] Spikes
|turn|27


|
|move|p1a: Zeraora|Bulk Up|p1a: Zeraora
|-boost|p1a: Zeraora|atk|1
|-boost|p1a: Zeraora|def|1
|move|p2a: Clefable|Wish|p2a: Clefable
|
|-heal|p1a: Zeraora|297\/317|[from] item: Leftovers
|-heal|p2a: Clefable|100\/100 tox|[from] item: Leftovers
|upkeep
|turn|28


|
|switch|p2a: Zeraora|Zeraora|63\/100
|-damage|p2a: Zeraora|51\/100|[from] Stealth Rock
|-damage|p2a: Zeraora|26\/100|[from] Spikes
|move|p1a: Zeraora|Knock Off|p2a: Zeraora
|-damage|p2a: Zeraora|0 fnt
|-enditem|p2a: Zeraora|Choice Scarf|[from] move: Knock Off|[of] p1a: Zeraora
|faint|p2a: Zeraora
|
|-heal|p1a: Zeraora|316\/317|[from] item: Leftovers
|upkeep


|
|switch|p2a: Clefable|Clefable, M|100\/100 tox
|turn|29


|c|☆Roland le Preaux|not at all, what on earth can spin vs this thing?


|
|move|p1a: Zeraora|Plasma Fists|p2a: Clefable
|-damage|p2a: Clefable|27\/100 tox
|-fieldactivate|move: Ion Deluge
|move|p2a: Clefable|Moonblast|p1a: Zeraora
|-damage|p1a: Zeraora|193\/317
|-unboost|p1a: Zeraora|spa|1
|
|-heal|p1a: Zeraora|212\/317|[from] item: Leftovers
|-heal|p2a: Clefable|33\/100 tox|[from] item: Leftovers
|upkeep
|turn|30


|l|☆Enemmy


|player|p2|
|inactive|Battle timer is ON: inactive players will automatically lose when time's up. (requested by Roland le Preaux)

|inactive|Time left: 300 sec this turn | 300 sec total | 60 sec grace

|inactive|Enemmy has 270 seconds to reconnect!


|c| Ripper Rooski|I'll be available in like 4 hours if youre available to run a few tests then -wulf


|inactive|Enemmy has 240 seconds to reconnect!


|l| pipmillion


|inactive|Enemmy has 210 seconds to reconnect!


|l|ripperrooski


|inactive|Enemmy has 180 seconds to reconnect!


|inactive|Enemmy has 150 seconds to reconnect!


|j|☆Enemmy


|inactive|Enemmy reconnected and has 300 seconds left.


|player|p2|Enemmy|169


|c|☆Enemmy|Oh


|c|☆Roland le Preaux|how do I download the replay?


|c|☆Enemmy|I thought I forgot


|c|☆Roland le Preaux|I can find how


|
|move|p1a: Zeraora|Plasma Fists|p2a: Clefable
|-damage|p2a: Clefable|0 fnt
|-fieldactivate|move: Ion Deluge
|faint|p2a: Clefable
|
|win|Roland le Preaux

|inactive|Time left: 300 sec this turn | 300 sec total

|l| Aetherl


|c|☆Roland le Preaux|oh 


|c|☆Roland le Preaux|I have to win lol


|c|☆Roland le Preaux|gg
</script>
</div>
<div class="battle-log battle-log-inline"><div class="inner"><div class="battle-options"><div style="padding-top: 3px; padding-right: 3px; text-align: right"><button class="icon button" name="openBattleOptions" title="Options">Battle Options</button></div></div><div class="inner message-log"><div class="chat"><small>☆Roland le Preaux joined.</small></div><div class="chat"><small>☆Enemmy joined.</small></div><div class=""><small>Format:</small> <br><strong>[Gen 8] CAP</strong></div><div class=""><small><em>Sleep Clause Mod:</em> Limit one foe put to sleep</small></div><div class=""><small><em>Species Clause:</em> Limit one of each Pokémon</small></div><div class=""><small><em>OHKO Clause:</em> OHKO moves are banned</small></div><div class=""><small><em>Evasion Moves Clause:</em> Evasion moves are banned</small></div><div class=""><small><em>Endless Battle Clause:</em> Forcing endless battles is banned</small></div><div class=""><small><em>HP Percentage Mod:</em> HP is shown in percentages</small></div><div class=""><small><em>Dynamax Clause:</em> You cannot dynamax</small></div><div class="chat battle-history"><strong>Roland le Preaux's team:</strong> <em style="color:#445566;display:block;">cap27 / Aegislash / Clefable / Seismitoad / Zeraora / Hydreigon</em></div><div class="chat battle-history"><strong>Enemmy's team:</strong> <em style="color:#445566;display:block;">cap27 / Grimmsnarl / Arghonaut / Clefable / Seismitoad / Zeraora</em></div><div class="chat"><small> Aetherl joined.</small></div><div class="chat chatmessage-enemmy"><strong style="color:#4e8514"><small>☆</small><span class="username" data-name="Enemmy">Enemmy</span>:</strong> <em>Oh</em></div><div class="chat"><small> mxmts joined.</small></div><div class="spacer battle-history"><br></div><div class="battle-history">Battle started between Roland le Preaux and Enemmy!<br></div><div class="spacer battle-history"><br></div><div class="battle-history">Go! <strong>Seismitoad</strong>!<br></div><div class="spacer battle-history"><br></div><div class="battle-history">Enemmy sent out <strong>cap27</strong>!<br></div><div class="spacer battle-history"><br></div><h2 class="battle-history">Turn 1</h2><div class="spacer battle-history"><br></div><div class="battle-history">Enemmy withdrew cap27!<br></div><div class="battle-history">Enemmy sent out <strong>Clefable</strong>!<br></div><div class="spacer battle-history"><br></div><div class="battle-history">Seismitoad used <strong>Toxic</strong>!<br></div><div class="battle-history"><small>The opposing Clefable was badly poisoned!</small><br></div><div class="spacer battle-history"><br></div><h2 class="battle-history">Turn 2</h2><div class="spacer battle-history"><br></div><div class="battle-history">Seismitoad used <strong>Stealth Rock</strong>!<br></div><div class="battle-history"><small>Pointed stones float in the air around the opposing team!</small><br></div><div class="spacer battle-history"><br></div><div class="battle-history">The opposing Clefable used <strong>Wish</strong>!<br></div><div class="spacer battle-history"><br></div><h2 class="battle-history">Turn 3</h2><div class="spacer battle-history"><br></div><div class="battle-history">Seismitoad, come back!<br></div><div class="battle-history">Go! <strong>Aegislash</strong>!<br></div><div class="spacer battle-history"><br></div><div class="battle-history">The opposing Clefable used <strong>Moonblast</strong>!<br></div><div class="battle-history"><small>It's not very effective...</small><br></div><div class="battle-history"><small>(Aegislash lost <abbr title="−42/261">16.1%</abbr> of its health!)</small><br></div><div class="spacer battle-history"><br></div><h2 class="battle-history">Turn 4</h2><div class="spacer battle-history"><br></div><div class="battle-history">Enemmy withdrew Clefable!<br></div><div class="battle-history">Enemmy sent out <strong>Seismitoad</strong>!<br></div><div class="battle-history"><small>Pointed stones dug into the opposing Seismitoad!</small><br></div><div class="battle-history">[Aegislash's Stance Change]<br>Changed to Blade Forme!<br></div><div class="spacer battle-history"><br></div><div class="battle-history">Aegislash used <strong>Shadow Claw</strong>!<br></div><div class="battle-history"><small>(The opposing Seismitoad lost 51% of its health!)</small><br></div><div class="spacer battle-history"><br></div><div class="battle-history"><small>The opposing Seismitoad restored a little HP using its Leftovers!</small><br></div><div class="spacer battle-history"><br></div><h2 class="battle-history">Turn 5</h2><div class="spacer battle-history"><br></div><div class="battle-history">Aegislash used <strong>Shadow Claw</strong>!<br></div><div class="battle-history"><small>(The opposing Seismitoad lost 50% of its health!)</small><br></div><div class="spacer battle-history"><br></div><div class="battle-history">The opposing Seismitoad fainted!<br></div><div class="spacer battle-history"><br></div><div class="battle-history">Enemmy sent out <strong>cap27</strong>!<br></div><div class="spacer battle-history"><br></div><h2 class="battle-history">Turn 6</h2><div class="spacer battle-history"><br></div><div class="battle-history">Aegislash, come back!<br></div><div class="battle-history">Go! <strong>Seismitoad</strong>!<br></div><div class="spacer battle-history"><br></div><div class="battle-history">The opposing cap27 used <strong>Fire Lash</strong>!<br></div><div class="battle-history"><small>It's not very effective...</small><br></div><div class="battle-history"><small>(Seismitoad lost <abbr title="−58/413">14.0%</abbr> of its health!)</small><br></div><div class="battle-history"><small>Seismitoad's Defense fell!</small><br></div><div class="spacer battle-history"><br></div><div class="battle-history"><small>Seismitoad restored a little HP using its Leftovers!</small><br></div><div class="spacer battle-history"><br></div><h2 class="battle-history">Turn 7</h2><div class="chat"><small> oyoyoyoyoyoyoy joined.</small></div><div class="spacer battle-history"><br></div><div class="battle-history">Enemmy withdrew cap27!<br></div><div class="battle-history">Enemmy sent out <strong>Clefable</strong>!<br></div><div class="spacer battle-history"><br></div><div class="battle-history">Seismitoad used <strong>Earth Power</strong>!<br></div><div class="battle-history"><small>(The opposing Clefable lost 16% of its health!)</small><br></div><div class="spacer battle-history"><br></div><div class="battle-history"><small>Seismitoad restored a little HP using its Leftovers!</small><br></div><div class="battle-history"><small>The opposing Clefable restored a little HP using its Leftovers!</small><br></div><div class="spacer battle-history"><br></div><h2 class="battle-history">Turn 8</h2><div class="spacer battle-history"><br></div><div class="battle-history">Seismitoad, come back!<br></div><div class="battle-history">Go! <strong>Aegislash</strong>!<br></div><div class="spacer battle-history"><br></div><div class="battle-history">The opposing Clefable used <strong>Teleport</strong>!<br></div><div class="spacer battle-history"><br></div><div class="battle-history">Enemmy withdrew Clefable!<br></div><div class="battle-history">Enemmy sent out <strong>Grimmsnarl</strong>!<br></div><div class="battle-history"><small>Pointed stones dug into the opposing Grimmsnarl!</small><br></div><div class="spacer battle-history"><br></div><div class="battle-history"><small>The opposing Grimmsnarl restored a little HP using its Leftovers!</small><br></div><div class="spacer battle-history"><br></div><h2 class="battle-history">Turn 9</h2><div class="spacer battle-history"><br></div><div class="battle-history">The opposing Grimmsnarl used <strong>Sucker Punch</strong>!<br></div><div class="battle-history"><small>It's super effective!</small><br></div><div class="battle-history"><small>(Aegislash lost <abbr title="−188/261">72.0%</abbr> of its health!)</small><br></div><div class="battle-history">[Aegislash's Stance Change]<br>Changed to Blade Forme!<br></div><div class="spacer battle-history"><br></div><div class="battle-history">Aegislash used <strong>Iron Head</strong>!<br></div><div class="battle-history"><small>It's super effective!</small><br></div><div class="battle-history"><small>(The opposing Grimmsnarl lost 94% of its health!)</small><br></div><div class="spacer battle-history"><br></div><div class="battle-history">The opposing Grimmsnarl fainted!<br></div><div class="chat chatmessage-enemmy"><strong style="color:#4e8514"><small>☆</small><span class="username" data-name="Enemmy">Enemmy</span>:</strong> <em>I messed up my calcs :/</em></div><div class="chat"><small> Ripper Rooski joined.</small></div><div class="spacer battle-history"><br></div><div class="battle-history">Enemmy sent out <strong>cap27</strong>!<br></div><div class="spacer battle-history"><br></div><h2 class="battle-history">Turn 10</h2><div class="spacer battle-history"><br></div><div class="battle-history">Aegislash, come back!<br></div><div class="battle-history">Go! <strong>Seismitoad</strong>!<br></div><div class="spacer battle-history"><br></div><div class="battle-history">The opposing cap27 used <strong>Fire Lash</strong>!<br></div><div class="battle-history"><small>It's not very effective...</small><br></div><div class="battle-history"><small>(Seismitoad lost <abbr title="−54/413">13.1%</abbr> of its health!)</small><br></div><div class="battle-history"><small>Seismitoad's Defense fell!</small><br></div><div class="spacer battle-history"><br></div><div class="battle-history"><small>Seismitoad restored a little HP using its Leftovers!</small><br></div><div class="spacer battle-history"><br></div><h2 class="battle-history">Turn 11</h2><div class="chat"><small> oyoyoyoyoyoyoy left.</small></div><div class="spacer battle-history"><br></div><div class="battle-history">The opposing cap27 used <strong>Fire Lash</strong>!<br></div><div class="battle-history"><small>It's not very effective...</small><br></div><div class="battle-history"><small>(Seismitoad lost <abbr title="−80/413">19.4%</abbr> of its health!)</small><br></div><div class="battle-history"><small>Seismitoad's Defense fell!</small><br></div><div class="spacer battle-history"><br></div><div class="battle-history">Seismitoad used <strong>Earth Power</strong>!<br></div><div class="battle-history"><small>It's super effective!</small><br></div><div class="battle-history"><small>(The opposing cap27 lost 72% of its health!)</small><br></div><div class="spacer battle-history"><br></div><div class="battle-history"><small>Seismitoad restored a little HP using its Leftovers!</small><br></div><div class="spacer battle-history"><br></div><h2 class="battle-history">Turn 12</h2><div class="chat"><small> WaluigiWontGetIn joined.</small></div><div class="spacer battle-history"><br></div><div class="battle-history">Enemmy withdrew cap27!<br></div><div class="battle-history">Enemmy sent out <strong>Arghonaut</strong>!<br></div><div class="battle-history"><small>Pointed stones dug into the opposing Arghonaut!</small><br></div><div class="spacer battle-history"><br></div><div class="battle-history">Seismitoad used <strong>Earth Power</strong>!<br></div><div class="battle-history"><small>(The opposing Arghonaut lost 17% of its health!)</small><br></div><div class="spacer battle-history"><br></div><div class="battle-history"><small>The opposing Arghonaut restored a little HP using its Leftovers!</small><br></div><div class="battle-history"><small>Seismitoad restored a little HP using its Leftovers!</small><br></div><div class="spacer battle-history"><br></div><h2 class="battle-history">Turn 13</h2><div class="spacer battle-history"><br></div><div class="battle-history">Seismitoad used <strong>Toxic</strong>!<br></div><div class="battle-history"><small>The opposing Arghonaut was badly poisoned!</small><br></div><div class="spacer battle-history"><br></div><div class="battle-history">The opposing Arghonaut used <strong>Circle Throw</strong>!<br></div><div class="battle-history"><small>(Seismitoad lost <abbr title="−70/413">16.9%</abbr> of its health!)</small><br></div><div class="spacer battle-history"><br></div><div class="battle-history"><strong>Hydreigon</strong> was dragged out!<br></div><div class="spacer battle-history"><br></div><div class="battle-history"><small>The opposing Arghonaut restored a little HP using its Leftovers!</small><br></div><div class="battle-history"><small>The opposing Arghonaut was hurt by poison!</small><br></div><div class="spacer battle-history"><br></div><h2 class="battle-history">Turn 14</h2><div class="spacer battle-history"><br></div><div class="battle-history">Hydreigon used <strong>Draco Meteor</strong>!<br></div><div class="battle-history"><small>(The opposing Arghonaut lost 42% of its health!)</small><br></div><div class="battle-history"><small>Hydreigon's Sp. Atk fell harshly!</small><br></div><div class="spacer battle-history"><br></div><div class="battle-history">The opposing Arghonaut used <strong>Spikes</strong>!<br></div><div class="battle-history"><small>Spikes were scattered on the ground all around your team!</small><br></div><div class="spacer battle-history"><br></div><div class="battle-history"><small>The opposing Arghonaut restored a little HP using its Leftovers!</small><br></div><div class="battle-history"><small>The opposing Arghonaut was hurt by poison!</small><br></div><div class="spacer battle-history"><br></div><h2 class="battle-history">Turn 15</h2><div class="spacer battle-history"><br></div><div class="battle-history">Enemmy withdrew Arghonaut!<br></div><div class="battle-history">Enemmy sent out <strong>Clefable</strong>!<br></div><div class="spacer battle-history"><br></div><div class="battle-history">Hydreigon used <strong>Draco Meteor</strong>!<br></div><div class="battle-history"><small>It doesn't affect the opposing Clefable...</small><br></div><div class="spacer battle-history"><br></div><div class="battle-history"><small>The opposing Clefable restored a little HP using its Leftovers!</small><br></div><div class="spacer battle-history"><br></div><h2 class="battle-history">Turn 16</h2><div class="chat"><small> pipmillion joined.</small></div><div class="spacer battle-history"><br></div><div class="battle-history">Hydreigon, come back!<br></div><div class="battle-history">Go! <strong>Clefable</strong>!<br></div><div class="spacer battle-history"><br></div><div class="battle-history">The opposing Clefable used <strong>Wish</strong>!<br></div><div class="spacer battle-history"><br></div><div class="battle-history"><small>The opposing Clefable restored a little HP using its Leftovers!</small><br></div><div class="spacer battle-history"><br></div><h2 class="battle-history">Turn 17</h2><div class="spacer battle-history"><br></div><div class="battle-history">Clefable used <strong>Teleport</strong>!<br></div><div class="chat chatmessage-waluigiwontgetin"><strong style="color:#0c9256"><small> </small><span class="username" data-name="WaluigiWontGetIn">WaluigiWontGetIn</span>:</strong> <em>Is it just me or is Clefable bouncing faster on Roland's end than Enemmy's end</em></div><div class="spacer battle-history"><br></div><div class="battle-history">Clefable, come back!<br></div><div class="battle-history">Go! <strong>cap27</strong>!<br></div><div class="spacer battle-history"><br></div><div class="battle-history">The opposing Clefable used <strong>Teleport</strong>!<br></div><div class="spacer battle-history"><br></div><div class="battle-history">Enemmy withdrew Clefable!<br></div><div class="battle-history">Enemmy sent out <strong>cap27</strong>!<br></div><div class="spacer battle-history"><br></div><div class="battle-history"><small>Clefable's wish came true!</small><br></div><div class="spacer battle-history"><br></div><h2 class="battle-history">Turn 18</h2><div class="spacer battle-history"><br></div><div class="battle-history">cap27 used <strong>Draco Meteor</strong>!<br></div><div class="battle-history"><small>It's super effective!</small><br></div><div class="battle-history"><small>(The opposing cap27 lost 100% of its health!)</small><br></div><div class="battle-history"><small>cap27's Sp. Atk fell harshly!</small><br></div><div class="spacer battle-history"><br></div><div class="battle-history">The opposing cap27 fainted!<br></div><div class="chat chatmessage-rolandlepreaux mine"><strong style="color:#5e38e6"><small>☆</small><span class="username" data-name="Roland le Preaux">Roland le Preaux</span>:</strong> <em>figured you got Claw</em></div><div class="chat chatmessage-enemmy"><strong style="color:#4e8514"><small>☆</small><span class="username" data-name="Enemmy">Enemmy</span>:</strong> <em>It might be the rolls waluigi</em></div><div class="chat chatmessage-enemmy"><strong style="color:#4e8514"><small>☆</small><span class="username" data-name="Enemmy">Enemmy</span>:</strong> <em>Ye</em></div><div class="spacer battle-history"><br></div><div class="battle-history">Enemmy sent out <strong>Arghonaut</strong>!<br></div><div class="battle-history"><small>Pointed stones dug into the opposing Arghonaut!</small><br></div><div class="spacer battle-history"><br></div><h2 class="battle-history">Turn 19</h2><div class="spacer battle-history"><br></div><div class="battle-history">Enemmy withdrew Arghonaut!<br></div><div class="battle-history">Enemmy sent out <strong>Clefable</strong>!<br></div><div class="spacer battle-history"><br></div><div class="battle-history">cap27 used <strong>Draco Meteor</strong>!<br></div><div class="battle-history"><small>It doesn't affect the opposing Clefable...</small><br></div><div class="spacer battle-history"><br></div><h2 class="battle-history">Turn 20</h2><div class="chat"><small> WaluigiWontGetIn left.</small></div><div class="spacer battle-history"><br></div><div class="battle-history">cap27 used <strong>Spikes</strong>!<br></div><div class="battle-history"><small>Spikes were scattered on the ground all around the opposing team!</small><br></div><div class="spacer battle-history"><br></div><div class="battle-history">The opposing Clefable used <strong>Wish</strong>!<br></div><div class="spacer battle-history"><br></div><h2 class="battle-history">Turn 21</h2><div class="spacer battle-history"><br></div><div class="battle-history">cap27 used <strong>Spikes</strong>!<br></div><div class="battle-history"><small>Spikes were scattered on the ground all around the opposing team!</small><br></div><div class="spacer battle-history"><br></div><div class="battle-history">The opposing Clefable used <strong>Moonblast</strong>!<br></div><div class="battle-history"><small>(cap27 lost <abbr title="−145/357">40.6%</abbr> of its health!)</small><br></div><div class="spacer battle-history"><br></div><h2 class="battle-history">Turn 22</h2><div class="spacer battle-history"><br></div><div class="battle-history">cap27 used <strong>Spikes</strong>!<br></div><div class="battle-history"><small>Spikes were scattered on the ground all around the opposing team!</small><br></div><div class="spacer battle-history"><br></div><div class="battle-history">The opposing Clefable used <strong>Wish</strong>!<br></div><div class="spacer battle-history"><br></div><h2 class="battle-history">Turn 23</h2><div class="spacer battle-history"><br></div><div class="battle-history">cap27, come back!<br></div><div class="battle-history">Go! <strong>Aegislash</strong>!<br></div><div class="battle-history"><small>Aegislash was hurt by the spikes!</small><br></div><div class="spacer battle-history"><br></div><div class="battle-history">Aegislash fainted!<br></div><div class="battle-history">The opposing Clefable used <strong>Teleport</strong>!<br></div><div class="spacer battle-history"><br></div><div class="battle-history">Enemmy withdrew Clefable!<br></div><div class="battle-history">Enemmy sent out <strong>Arghonaut</strong>!<br></div><div class="battle-history"><small>The opposing Arghonaut was hurt by the spikes!</small><br></div><div class="battle-history"><small>Pointed stones dug into the opposing Arghonaut!</small><br></div><div class="spacer battle-history"><br></div><div class="battle-history">The opposing Arghonaut fainted!<br></div><div class="chat chatmessage-rolandlepreaux mine"><strong style="color:#5e38e6"><small>☆</small><span class="username" data-name="Roland le Preaux">Roland le Preaux</span>:</strong> <em>Spikes feels oppressive as hell on this mon</em></div><div class="chat chatmessage-rolandlepreaux mine"><strong style="color:#5e38e6"><small>☆</small><span class="username" data-name="Roland le Preaux">Roland le Preaux</span>:</strong> <em>what is everybody talking about?</em></div><div class="spacer battle-history"><br></div><div class="battle-history">Go! <strong>Hydreigon</strong>!<br></div><div class="spacer battle-history"><br></div><div class="battle-history">Enemmy sent out <strong>Zeraora</strong>!<br></div><div class="battle-history"><small>The opposing Zeraora was hurt by the spikes!</small><br></div><div class="battle-history"><small>Pointed stones dug into the opposing Zeraora!</small><br></div><div class="spacer battle-history"><br></div><h2 class="battle-history">Turn 24</h2><div class="spacer battle-history"><br></div><div class="battle-history">Enemmy withdrew Zeraora!<br></div><div class="battle-history">Enemmy sent out <strong>Clefable</strong>!<br></div><div class="spacer battle-history"><br></div><div class="battle-history">Hydreigon used <strong>U-turn</strong>!<br></div><div class="battle-history"><small>It's not very effective...</small><br></div><div class="battle-history"><small>(The opposing Clefable lost 8% of its health!)</small><br></div><div class="spacer battle-history"><br></div><div class="battle-history">Hydreigon went back to Roland le Preaux!<br></div><div class="battle-history">Go! <strong>cap27</strong>!<br></div><div class="spacer battle-history"><br></div><div class="battle-history"><small>The opposing Clefable restored a little HP using its Leftovers!</small><br></div><div class="spacer battle-history"><br></div><h2 class="battle-history">Turn 25</h2><div class="spacer battle-history"><br></div><div class="battle-history">cap27, come back!<br></div><div class="battle-history">Go! <strong>Seismitoad</strong>!<br></div><div class="battle-history"><small>Seismitoad was hurt by the spikes!</small><br></div><div class="spacer battle-history"><br></div><div class="battle-history">The opposing Clefable used <strong>Moonblast</strong>!<br></div><div class="battle-history"><small>(Seismitoad lost <abbr title="−124/413">30.0%</abbr> of its health!)</small><br></div><div class="battle-history"><small>Seismitoad's Sp. Atk fell!</small><br></div><div class="spacer battle-history"><br></div><div class="battle-history"><small>Seismitoad restored a little HP using its Leftovers!</small><br></div><div class="battle-history"><small>The opposing Clefable restored a little HP using its Leftovers!</small><br></div><div class="spacer battle-history"><br></div><h2 class="battle-history">Turn 26</h2><div class="spacer battle-history"><br></div><div class="battle-history">Seismitoad used <strong>Earth Power</strong>!<br></div><div class="battle-history"><small>(The opposing Clefable lost 11% of its health!)</small><br></div><div class="spacer battle-history"><br></div><div class="battle-history">The opposing Clefable used <strong>Moonblast</strong>!<br></div><div class="battle-history"><small>A critical hit!</small><br></div><div class="battle-history"><small>(Seismitoad lost <abbr title="−126/413">30.5%</abbr> of its health!)</small><br></div><div class="spacer battle-history"><br></div><div class="battle-history">Seismitoad fainted!<br></div><div class="spacer battle-history"><br></div><div class="battle-history"><small>The opposing Clefable restored a little HP using its Leftovers!</small><br></div><div class="chat chatmessage-ripperrooski"><strong style="color:#609c0b"><small> </small><span class="username" data-name="Ripper Rooski">Ripper Rooski</span>:</strong> <em>Oppressive is a bit of an exaggeration </em></div><div class="spacer battle-history"><br></div><div class="battle-history">Go! <strong>Zeraora</strong>!<br></div><div class="battle-history"><small>Zeraora was hurt by the spikes!</small><br></div><div class="spacer battle-history"><br></div><h2 class="battle-history">Turn 27</h2><div class="spacer battle-history"><br></div><div class="battle-history">Zeraora used <strong>Bulk Up</strong>!<br></div><div class="battle-history"><small>Zeraora's Attack rose!</small><br></div><div class="battle-history"><small>Zeraora's Defense rose!</small><br></div><div class="spacer battle-history"><br></div><div class="battle-history">The opposing Clefable used <strong>Wish</strong>!<br></div><div class="spacer battle-history"><br></div><div class="battle-history"><small>Zeraora restored a little HP using its Leftovers!</small><br></div><div class="battle-history"><small>The opposing Clefable restored a little HP using its Leftovers!</small><br></div><div class="spacer battle-history"><br></div><h2 class="battle-history">Turn 28</h2><div class="spacer battle-history"><br></div><div class="battle-history">Enemmy withdrew Clefable!<br></div><div class="battle-history">Enemmy sent out <strong>Zeraora</strong>!<br></div><div class="battle-history"><small>Pointed stones dug into the opposing Zeraora!</small><br></div><div class="battle-history"><small>The opposing Zeraora was hurt by the spikes!</small><br></div><div class="spacer battle-history"><br></div><div class="battle-history">Zeraora used <strong>Knock Off</strong>!<br></div><div class="battle-history"><small>(The opposing Zeraora lost 26% of its health!)</small><br></div><div class="battle-history"><small>Zeraora knocked off the opposing Zeraora's Choice Scarf!</small><br></div><div class="spacer battle-history"><br></div><div class="battle-history">The opposing Zeraora fainted!<br></div><div class="spacer battle-history"><br></div><div class="battle-history"><small>Zeraora restored a little HP using its Leftovers!</small><br></div><div class="spacer battle-history"><br></div><div class="battle-history">Enemmy sent out <strong>Clefable</strong>!<br></div><div class="spacer battle-history"><br></div><h2 class="battle-history">Turn 29</h2><div class="chat chatmessage-rolandlepreaux mine"><strong style="color:#5e38e6"><small>☆</small><span class="username" data-name="Roland le Preaux">Roland le Preaux</span>:</strong> <em>not at all, what on earth can spin vs this thing?</em></div><div class="spacer battle-history"><br></div><div class="battle-history">Zeraora used <strong>Plasma Fists</strong>!<br></div><div class="battle-history"><small>(The opposing Clefable lost 73% of its health!)</small><br></div><div class="battle-history"><small>A deluge of ions showers the battlefield!</small><br></div><div class="spacer battle-history"><br></div><div class="battle-history">The opposing Clefable used <strong>Moonblast</strong>!<br></div><div class="battle-history"><small>(Zeraora lost <abbr title="−123/317">38.8%</abbr> of its health!)</small><br></div><div class="battle-history"><small>Zeraora's Sp. Atk fell!</small><br></div><div class="spacer battle-history"><br></div><div class="battle-history"><small>Zeraora restored a little HP using its Leftovers!</small><br></div><div class="battle-history"><small>The opposing Clefable restored a little HP using its Leftovers!</small><br></div><div class="spacer battle-history"><br></div><h2 class="battle-history">Turn 30</h2><div class="chat"><small>☆Enemmy left.</small></div><div class="chat message-error">Battle timer is ON: inactive players will automatically lose when time's up. (requested by Roland le Preaux)</div><div class="chat message-error">Enemmy has 270 seconds to reconnect!</div><div class="chat chatmessage-ripperrooski"><strong style="color:#609c0b"><small> </small><span class="username" data-name="Ripper Rooski">Ripper Rooski</span>:</strong> <em>I'll be available in like 4 hours if youre available to run a few tests then -wulf</em></div><div class="chat message-error">Enemmy has 240 seconds to reconnect!</div><div class="chat"><small> pipmillion left.</small></div><div class="chat message-error">Enemmy has 210 seconds to reconnect!</div><div class="chat"><small>ripperrooski left.</small></div><div class="chat message-error">Enemmy has 180 seconds to reconnect!</div><div class="chat message-error">Enemmy has 150 seconds to reconnect!</div><div class="chat"><small>☆Enemmy joined.</small></div><div class="chat message-error">Enemmy reconnected and has 300 seconds left.</div><div class="chat chatmessage-enemmy"><strong style="color:#4e8514"><small>☆</small><span class="username" data-name="Enemmy">Enemmy</span>:</strong> <em>Oh</em></div><div class="chat chatmessage-rolandlepreaux mine"><strong style="color:#5e38e6"><small>☆</small><span class="username" data-name="Roland le Preaux">Roland le Preaux</span>:</strong> <em>how do I download the replay?</em></div><div class="chat chatmessage-enemmy"><strong style="color:#4e8514"><small>☆</small><span class="username" data-name="Enemmy">Enemmy</span>:</strong> <em>I thought I forgot</em></div><div class="chat chatmessage-rolandlepreaux mine"><strong style="color:#5e38e6"><small>☆</small><span class="username" data-name="Roland le Preaux">Roland le Preaux</span>:</strong> <em>I can find how</em></div><div class="spacer battle-history"><br></div><div class="battle-history">Zeraora used <strong>Plasma Fists</strong>!<br></div><div class="battle-history"><small>(The opposing Clefable lost 33% of its health!)</small><br></div><div class="battle-history"><small>A deluge of ions showers the battlefield!</small><br></div><div class="spacer battle-history"><br></div><div class="battle-history">The opposing Clefable fainted!<br></div><div class="spacer battle-history"><br></div><div class="battle-history"><strong>Roland le Preaux</strong> won the battle!<br></div><div class="chat"><small> Aetherl left.</small></div><div class="chat chatmessage-rolandlepreaux mine"><strong style="color:#5e38e6"><small>☆</small><span class="username" data-name="Roland le Preaux">Roland le Preaux</span>:</strong> <em>oh </em></div><div class="chat chatmessage-rolandlepreaux mine"><strong style="color:#5e38e6"><small>☆</small><span class="username" data-name="Roland le Preaux">Roland le Preaux</span>:</strong> <em>I have to win lol</em></div><div class="chat chatmessage-rolandlepreaux mine"><strong style="color:#5e38e6"><small>☆</small><span class="username" data-name="Roland le Preaux">Roland le Preaux</span>:</strong> <em>gg</em></div></div><div class="inner-preempt message-log"></div></div></div>
</div>
<script>
let daily = Math.floor(Date.now()/1000/60/60/24);document.write('<script src="https://play.pokemonshowdown.com/js/replay-embed.js?version'+daily+'"></'+'script>');
</script>
